<ENVELOPE><HEADER><TALLYREQUEST>Import Data</TALLYREQUEST></HEADER><BODY><IMPORTDATA><REQUESTDESC><REPORTNAME>Vouchers</REPORTNAME><STATICVARIABLES><SVCURRENTCOMPANY>Raj</SVCURRENTCOMPANY></STATICVARIABLES></REQUESTDESC><REQUESTDATA><TALLYMESSAGE xmlns:UDF="TallyUDF"><VOUCHER REMOTEID="aaeb8870-afa4-4fe9-bd6f-0f75021f37b5-3RAJ14500-0" VCHTYPE="Payment" ACTION="Create"><VOUCHERTYPENAME>Payment</VOUCHERTYPENAME><DATE>20240705</DATE><EFFECTIVEDATE>20240705</EFFECTIVEDATE><REFERENCE>1</REFERENCE><NARRATION>being paid</NARRATION><GUID>aaeb8870-afa4-4fe9-bd6f-0f75021f37b5-3RAJ14500-0</GUID><ALTERID>14500</ALTERID><ALLLEDGERENTRIES.LIST><REMOVEZEROENTRIES>No</REMOVEZEROENTRIES><ISDEEMEDPOSITIVE>Yes</ISDEEMEDPOSITIVE><LEDGERNAME>Salary_Payable_A</LEDGERNAME><AMOUNT>-20</AMOUNT></ALLLEDGERENTRIES.LIST><ALLLEDGERENTRIES.LIST><REMOVEZEROENTRIES>No</REMOVEZEROENTRIES><ISDEEMEDPOSITIVE>No</ISDEEMEDPOSITIVE><LEDGERNAME>SBI</LEDGERNAME><AMOUNT>20</AMOUNT></ALLLEDGERENTRIES.LIST></VOUCHER></TALLYMESSAGE><TALLYMESSAGE xmlns:UDF="TallyUDF"><VOUCHER REMOTEID="aaeb8870-afa4-4fe9-bd6f-0f75021f37b5-3RAJ14500-1" VCHTYPE="Payment" ACTION="Create"><VOUCHERTYPENAME>Payment</VOUCHERTYPENAME><DATE>20230705</DATE><EFFECTIVEDATE>20230705</EFFECTIVEDATE><REFERENCE>2</REFERENCE><NARRATION>being paid</NARRATION><GUID>aaeb8870-afa4-4fe9-bd6f-0f75021f37b5-3RAJ14500-1</GUID><ALTERID>14501</ALTERID><ALLLEDGERENTRIES.LIST><REMOVEZEROENTRIES>No</REMOVEZEROENTRIES><ISDEEMEDPOSITIVE>No</ISDEEMEDPOSITIVE><LEDGERNAME>Salary_Payable_A</LEDGERNAME><AMOUNT>-20</AMOUNT></ALLLEDGERENTRIES.LIST><ALLLEDGERENTRIES.LIST><REMOVEZEROENTRIES>No</REMOVEZEROENTRIES><ISDEEMEDPOSITIVE>Yes</ISDEEMEDPOSITIVE><LEDGERNAME>SBI</LEDGERNAME><AMOUNT>20</AMOUNT></ALLLEDGERENTRIES.LIST></VOUCHER></TALLYMESSAGE><TALLYMESSAGE xmlns:UDF="TallyUDF"><VOUCHER REMOTEID="aaeb8870-afa4-4fe9-bd6f-0f75021f37b5-3RAJ14500-2" VCHTYPE="Payment" ACTION="Create"><VOUCHERTYPENAME>Payment</VOUCHERTYPENAME><DATE>20230712</DATE><EFFECTIVEDATE>20230712</EFFECTIVEDATE><REFERENCE>3</REFERENCE><NARRATION>being paid</NARRATION><GUID>aaeb8870-afa4-4fe9-bd6f-0f75021f37b5-3RAJ14500-2</GUID><ALTERID>14502</ALTERID><ALLLEDGERENTRIES.LIST><REMOVEZEROENTRIES>No</REMOVEZEROENTRIES><ISDEEMEDPOSITIVE>No</ISDEEMEDPOSITIVE><LEDGERNAME>SBI</LEDGERNAME><AMOUNT>-10</AMOUNT></ALLLEDGERENTRIES.LIST><ALLLEDGERENTRIES.LIST><REMOVEZEROENTRIES>No</REMOVEZEROENTRIES><ISDEEMEDPOSITIVE>Yes</ISDEEMEDPOSITIVE><LEDGERNAME>Simplain_LLC</LEDGERNAME><AMOUNT>10</AMOUNT></ALLLEDGERENTRIES.LIST></VOUCHER></TALLYMESSAGE><TALLYMESSAGE xmlns:UDF="TallyUDF"><VOUCHER REMOTEID="aaeb8870-afa4-4fe9-bd6f-0f75021f37b5-3RAJ14500-3" VCHTYPE="Receipt" ACTION="Create"><VOUCHERTYPENAME>Receipt</VOUCHERTYPENAME><DATE>20230705</DATE><EFFECTIVEDATE>20230705</EFFECTIVEDATE><REFERENCE>4</REFERENCE><NARRATION>being paid</NARRATION><GUID>aaeb8870-afa4-4fe9-bd6f-0f75021f37b5-3RAJ14500-3</GUID><ALTERID>14503</ALTERID><ALLLEDGERENTRIES.LIST><REMOVEZEROENTRIES>No</REMOVEZEROENTRIES><ISDEEMEDPOSITIVE>No</ISDEEMEDPOSITIVE><LEDGERNAME>Simplain_LLC</LEDGERNAME><AMOUNT>-10</AMOUNT></ALLLEDGERENTRIES.LIST><ALLLEDGERENTRIES.LIST><REMOVEZEROENTRIES>No</REMOVEZEROENTRIES><ISDEEMEDPOSITIVE>Yes</ISDEEMEDPOSITIVE><LEDGERNAME>SBI</LEDGERNAME><AMOUNT>10</AMOUNT></ALLLEDGERENTRIES.LIST></VOUCHER></TALLYMESSAGE><TALLYMESSAGE xmlns:UDF="TallyUDF"><VOUCHER REMOTEID="aaeb8870-afa4-4fe9-bd6f-0f75021f37b5-3RAJ14500-4" VCHTYPE="Journal" ACTION="Create"><VOUCHERTYPENAME>Journal</VOUCHERTYPENAME><DATE>20230705</DATE><EFFECTIVEDATE>20230705</EFFECTIVEDATE><REFERENCE>5</REFERENCE><NARRATION>being paid</NARRATION><GUID>aaeb8870-afa4-4fe9-bd6f-0f75021f37b5-3RAJ14500-4</GUID><ALTERID>14504</ALTERID><ALLLEDGERENTRIES.LIST><REMOVEZEROENTRIES>No</REMOVEZEROENTRIES><ISDEEMEDPOSITIVE>Yes</ISDEEMEDPOSITIVE><LEDGERNAME>Salary_Paid</LEDGERNAME><AMOUNT>-40</AMOUNT></ALLLEDGERENTRIES.LIST><ALLLEDGERENTRIES.LIST><REMOVEZEROENTRIES>No</REMOVEZEROENTRIES><ISDEEMEDPOSITIVE>No</ISDEEMEDPOSITIVE><LEDGERNAME>Salary_Payable_A</LEDGERNAME><AMOUNT>40</AMOUNT></ALLLEDGERENTRIES.LIST></VOUCHER></TALLYMESSAGE><TALLYMESSAGE xmlns:UDF="TallyUDF"><VOUCHER REMOTEID="aaeb8870-afa4-4fe9-bd6f-0f75021f37b5-3RAJ14500-5" VCHTYPE="Contra" ACTION="Create"><VOUCHERTYPENAME>Contra</VOUCHERTYPENAME><DATE>20230705</DATE><EFFECTIVEDATE>20230705</EFFECTIVEDATE><REFERENCE>6</REFERENCE><NARRATION>being paid</NARRATION><GUID>aaeb8870-afa4-4fe9-bd6f-0f75021f37b5-3RAJ14500-5</GUID><ALTERID>14505</ALTERID><ALLLEDGERENTRIES.LIST><REMOVEZEROENTRIES>No</REMOVEZEROENTRIES><ISDEEMEDPOSITIVE>No</ISDEEMEDPOSITIVE><LEDGERNAME>SBI</LEDGERNAME><AMOUNT>-10</AMOUNT></ALLLEDGERENTRIES.LIST><ALLLEDGERENTRIES.LIST><REMOVEZEROENTRIES>No</REMOVEZEROENTRIES><ISDEEMEDPOSITIVE>Yes</ISDEEMEDPOSITIVE><LEDGERNAME>HDFC</LEDGERNAME><AMOUNT>10</AMOUNT></ALLLEDGERENTRIES.LIST></VOUCHER></TALLYMESSAGE></REQUESTDATA></IMPORTDATA></BODY></ENVELOPE>